@book{anzai2012pattern,
  title={Pattern Recognition \& Machine Learning},
  author={Anzai, Yuichiro},
  year={2012},
  publisher={Elsevier}
}

@inproceedings{epshtein2010detecting,
  title={Detecting text in natural scenes with stroke width transform},
  author={Epshtein, Boris and Ofek, Eyal and Wexler, Yonatan},
  booktitle={Computer Vision and Pattern Recognition (CVPR), 2010 IEEE Conference on},
  pages={2963--2970},
  year={2010},
  organization={IEEE}
}

@inproceedings{ye2003robust,
  title={A robust text detection algorithm in images and video frames},
  author={Ye, Qiviang and Gao, Wen and Wang, Weiqiang and Zeng, Wei},
  booktitle={Information, Communications and Signal Processing, 2003 and Fourth Pacific Rim Conference on Multimedia. Proceedings of the 2003 Joint Conference of the Fourth International Conference on},
  volume={2},
  pages={802--806},
  year={2003},
  organization={IEEE}
}

@article{yin2014robust,
  title={Robust text detection in natural scene images},
  author={Yin, Xu-Cheng and Yin, Xuwang and Huang, Kaizhu and Hao, Hong-Wei},
  journal={Pattern Analysis and Machine Intelligence, IEEE Transactions on},
  volume={36},
  number={5},
  pages={970--983},
  year={2014},
  publisher={IEEE}
}

@article{kim2003texture,
  title={Texture-based approach for text detection in images using support vector machines and continuously adaptive mean shift algorithm},
  author={Kim, Kwang In and Jung, Keechul and Kim, Jin Hyung},
  journal={Pattern Analysis and Machine Intelligence, IEEE Transactions on},
  volume={25},
  number={12},
  pages={1631--1639},
  year={2003},
  publisher={IEEE}
}

@inproceedings{ezaki2004text,
  title={Text detection from natural scene images: towards a system for visually impaired persons},
  author={Ezaki, Nobuo and Bulacu, Marius and Schomaker, Lambert},
  booktitle={Pattern Recognition, 2004. ICPR 2004. Proceedings of the 17th International Conference on},
  volume={2},
  pages={683--686},
  year={2004},
  organization={IEEE}
}

@article{zhong2000automatic,
  title={Automatic caption localization in compressed video},
  author={Zhong, Yu and Zhang, Hongjiang and Jain, Anil K},
  journal={Pattern Analysis and Machine Intelligence, IEEE Transactions on},
  volume={22},
  number={4},
  pages={385--392},
  year={2000},
  publisher={IEEE}
}

@inproceedings{lucas2005icdar,
  title={ICDAR 2005 text locating competition results},
  author={Lucas, Simon M},
  booktitle={Document Analysis and Recognition, 2005. Proceedings. Eighth International Conference on},
  pages={80--84},
  year={2005},
  organization={IEEE}
}

@inproceedings{chen2011robust,
  title={Robust text detection in natural images with edge-enhanced maximally stable extremal regions},
  author={Chen, Huizhong and Tsai, Sam S and Schroth, Georg and Chen, David M and Grzeszczuk, Radek and Girod, Bernd},
  booktitle={Image Processing (ICIP), 2011 18th IEEE International Conference on},
  pages={2609--2612},
  year={2011},
  organization={IEEE}
}

@article{burr1988experiments,
  title={Experiments on neural net recognition of spoken and written text},
  author={Burr, David J},
  journal={Acoustics, Speech and Signal Processing, IEEE Transactions on},
  volume={36},
  number={7},
  pages={1162--1168},
  year={1988},
  publisher={IEEE}
}

@article{rajavelu1989neural,
  title={A neural network approach to character recognition},
  author={Rajavelu, A and Musavi, Mohamad T and Shirvaikar, Mukul Vassant},
  journal={Neural Networks},
  volume={2},
  number={5},
  pages={387--393},
  year={1989},
  publisher={Elsevier}
}

@inproceedings{liu2005text,
  title={Text detection in images based on unsupervised classification of edge-based features},
  author={Liu, Chunmei and Wang, Chunheng and Dai, Ruwei},
  booktitle={Document Analysis and Recognition, 2005. Proceedings. Eighth International Conference on},
  pages={610--614},
  year={2005},
  organization={IEEE}
}

@article{lecun1998gradient,
  title={Gradient-based learning applied to document recognition},
  author={LeCun, Yann and Bottou, L{\'e}on and Bengio, Yoshua and Haffner, Patrick},
  journal={Proceedings of the IEEE},
  volume={86},
  number={11},
  pages={2278--2324},
  year={1998},
  publisher={IEEE}
}

@inproceedings{de2009character,
  title={Character Recognition in Natural Images.},
  author={de Campos, Te{\'o}filo Em{\'\i}dio and Babu, Bodla Rakesh and Varma, Manik},
  booktitle={VISAPP (2)},
  pages={273--280},
  year={2009}
}
